@inproceedings{parsaeefard2019artificial,
  title={Artificial Intelligence as a Service (AI-aaS) on Software-Defined Infrastructure},
  author={Parsaeefard, Saeedeh and Tabrizian, Iman and Leon-Garcia, Alberto},
  booktitle={2019 IEEE Conference on Standards for Communications and Networking (CSCN)},
  pages={1--7},
  year={2019},
  organization={IEEE}
}

@article{parsaeefard2019representation,
  title={Representation of Federated Learning via Worst-Case Robust Optimization Theory},
  author={Parsaeefard, Saeedeh and Tabrizian, Iman and Garcia, Alberto Leon},
  journal={arXiv preprint arXiv:1912.05571},
  year={2019}
}

