---
layout: default
permalink: /publications/
---

@article{
ramezani-kebrya2022mixtailor,
title={MixTailor: Mixed Gradient Aggregation for Robust Learning Against Tailored Attacks},
author={Ali Ramezani-Kebrya and Iman Tabrizian and Fartash Faghri and Petar Popovski},
journal={Transactions on Machine Learning Research},
year={2022},
url={https://openreview.net/forum?id=tqDhrbKJLS},
note={}
}

@incollection{iman-colocation,
title = {Co-location of Deep Learning Jobs in GPU Clusters},
author = {Tabrizian, Iman},
booktitle = {Master Thesis},
year = {2021},
publisher = {University of Toronto, TSpace},
url = {http://hdl.handle.net/1807/106345}
}

@incollection{NIPS2020_8296,
title = {Adaptive Gradient Quantization for Data-Parallel SGD},
author = {Faqri, Fartash and Tabrizian, Iman and Markov, Ilia and Alistarh, Dan and
          Roy, Daniel and Ramezani-Kebrya, Ali},
booktitle = {Advances in Neural Information Processing Systems 33},
year = {2020},
publisher = {Curran Associates, Inc.},
url = {https://arxiv.org/pdf/2010.12460.pdf}
}

@inproceedings{parsaeefard2019artificial,
  title={Artificial Intelligence as a Service (AI-aaS) on Software-Defined Infrastructure},
  author={Parsaeefard, Saeedeh and Tabrizian, Iman and Leon-Garcia, Alberto},
  booktitle={2019 IEEE Conference on Standards for Communications and Networking (CSCN)},
  pages={1--7},
  year={2019},
  organization={IEEE},
  url = {https://arxiv.org/pdf/1907.05505.pdf}
}

@article{parsaeefard2019representation,
  title={Representation of Federated Learning via Worst-Case Robust Optimization Theory},
  author={Parsaeefard, Saeedeh and Tabrizian, Iman and Leon-Garcia, Alberto},
  journal={arXiv preprint arXiv:1912.05571},
  year={2019},
  url = {https://arxiv.org/pdf/1912.05571.pdf}
}

